<?xml version="1.0" encoding="UTF-8"?>
<collection xmlns:xsi="http://www.w3.org/2001/XMLSchema-instance" xsi:schemaLocation="http://www.loc.gov/MARC21/slim http://www.loc.gov/standards/marcxml/schema/MARC21slim.xsd" xmlns="http://www.loc.gov/MARC21/slim">
<record>
  <leader>01118cam a2200253   4500</leader>
  <controlfield tag="001">2960998</controlfield>
  <controlfield tag="003">NNC</controlfield>
  <controlfield tag="005">20130426003115.0</controlfield>
  <controlfield tag="008">890514s1968    iq            000 0 araod</controlfield>
  <datafield tag="010" ind1=" " ind2=" ">
    <subfield code="a">   77251801 </subfield>
  </datafield>
  <datafield tag="035" ind1=" " ind2=" ">
    <subfield code="a">(OCoLC)ocm23504811</subfield>
  </datafield>
  <datafield tag="035" ind1=" " ind2=" ">
    <subfield code="9">ASK6205CU</subfield>
  </datafield>
  <datafield tag="035" ind1=" " ind2=" ">
    <subfield code="a">(NNC)2960998</subfield>
  </datafield>
  <datafield tag="040" ind1=" " ind2=" ">
    <subfield code="a">EYM</subfield>
    <subfield code="c">EYM</subfield>
    <subfield code="d">CGU</subfield>
    <subfield code="d">ZCU</subfield>
  </datafield>
  <datafield tag="050" ind1="0" ind2=" ">
    <subfield code="a">BP193.1</subfield>
    <subfield code="b">.B3 (Orien Arab)</subfield>
  </datafield>
  <datafield tag="090" ind1=" " ind2=" ">
    <subfield code="a">BP193.1</subfield>
    <subfield code="b">.B3</subfield>
  </datafield>
  <datafield tag="100" ind1="1" ind2=" ">
    <subfield code="a">Baltistānī, Muḥsin ʻAlī,</subfield>
    <subfield code="d">1941-</subfield>
  </datafield>
  <datafield tag="245" ind1="1" ind2="3">
    <subfield code="a">al-Nahj al-sawī fī maʻná al-mawlá wa-al-walī</subfield>
    <subfield code="b">yubḥath fīhi ʻan maʻná al-mawlá wa-al-walī fī al-ḥadīth al-nabawī wa-al-āyah kitāban wa-sunnatan wa-adaban, wa-yataḍamman bukhūkh aʾimmat al-lughah wa-ḥamalat al-ʻilm wa-al-adab wa-ṣayārifat al-akhbār wa-al-āthār lil-maʻná al-mutaṣaddá ithbātuhu /</subfield>
    <subfield code="c">taʾlīf Muḥsin ʻAlī al-Baltistānī al-Bākistānī.</subfield>
  </datafield>
  <datafield tag="260" ind1=" " ind2=" ">
    <subfield code="a">al-Najaf :</subfield>
    <subfield code="b">Maṭbaʻat al-Ādāb,</subfield>
    <subfield code="c">[1968]</subfield>
  </datafield>
  <datafield tag="300" ind1=" " ind2=" ">
    <subfield code="a">6, 136 p.</subfield>
    <subfield code="c">25 cm.</subfield>
  </datafield>
  <datafield tag="500" ind1=" " ind2=" ">
    <subfield code="a">Romanized.</subfield>
  </datafield>
  <datafield tag="650" ind1=" " ind2="0">
    <subfield code="a">Imamate.</subfield>
  </datafield>
  <datafield tag="600" ind1="0" ind2="0">
    <subfield code="a">ʻAlī ibn Abī Ṭālib,</subfield>
    <subfield code="c">Caliph,</subfield>
    <subfield code="d">approximately 600-661.</subfield>
  </datafield>
  <datafield tag="955" ind1=" " ind2=" ">
    <subfield code="b">CU55337716</subfield>
    <subfield code="d">off,glx</subfield>
    <subfield code="e">BP193.1 .B3</subfield>
  </datafield>
</record>
</collection>